@preamble{ "\newcommand{\noopsort}[1]{} "
	# "\newcommand{\printfirst}[2]{#1} "
	# "\newcommand{\singleletter}[1]{#1} "
	# "\newcommand{\switchargs}[2]{#2#1} " }

@ARTICLE{article-minimal,
   author = {L[eslie] A. Aamport},
   title = {The Gnats and Gnus Document Preparation System},
   journal = {\mbox{G-Animal's} Journal},
   year = 1986,
}

@ARTICLE{article-full,
   author = {L[eslie] A. Aamport},
   title = {The Gnats and Gnus Document Preparation System},
   journal = {\mbox{G-Animal's} Journal},
   year = 1986,
   volume = 41,
   number = 7,
   pages = "73+",
   month = jul,
   note = "This is a full ARTICLE entry",
}

The KEY field is here to override the KEY field in the journal being
cross referenced (so is the NOTE field, in addition to its imparting
information).

@ARTICLE{article-crossref,
   crossref = {WHOLE-JOURNAL},
   key = "",
   author = {L[eslie] A. Aamport},
   title = {The Gnats and Gnus Document Preparation System},
   pages = "73+",
   note = "This is a cross-referencing ARTICLE entry",
}

@ARTICLE{whole-journal,
   key = "GAJ",
   journal = {\mbox{G-Animal's} Journal},
   year = 1986,
   volume = 41,
   number = 7,
   month = jul,
   note = {The entire issue is devoted to gnats and gnus
		(this entry is a cross-referenced ARTICLE (journal))},
}

@INBOOK{inbook-minimal,
   author = "Donald E. Knuth",
   title = "Fundamental Algorithms",
   publisher = "Addison-Wesley",
   year = "{\noopsort{1973b}}1973",
   chapter = "1.2",
}

@INBOOK{inbook-full,
   author = "Donald E. Knuth",
   title = "Fundamental Algorithms",
   volume = 1,
   series = "The Art of Computer Programming",
   publisher = "Addison-Wesley",
   address = "Reading, Massachusetts",
   edition = "Second",
   month = "10~" # jan,
   year = "{\noopsort{1973b}}1973",
   type = "Section",
   chapter = "1.2",
   pages = "10--119",
   note = "This is a full INBOOK entry",
}

@INBOOK{inbook-crossref,
   crossref = "whole-set",
   title = "Fundamental Algorithms",
   volume = 1,
   series = "The Art of Computer Programming",
   edition = "Second",
   year = "{\noopsort{1973b}}1973",
   type = "Section",
   chapter = "1.2",
   note = "This is a cross-referencing INBOOK entry",
}

@BOOK{book-minimal,
   author = "Donald E. Knuth",
   title = "Seminumerical Algorithms",
   publisher = "Addison-Wesley",
   year = "{\noopsort{1973c}}1981",
}

@BOOK{book-full,
   author = "Donald E. Knuth",
   title = "Seminumerical Algorithms",
   volume = 2,
   series = "The Art of Computer Programming",
   publisher = "Addison-Wesley",
   address = "Reading, Massachusetts",
   edition = "Second",
   month = "10~" # jan,
   year = "{\noopsort{1973c}}1981",
   note = "This is a full BOOK entry",
}

@BOOK{book-crossref,
   crossref = "whole-set",
   title = "Seminumerical Algorithms",
   volume = 2,
   series = "The Art of Computer Programming",
   edition = "Second",
   year = "{\noopsort{1973c}}1981",
   note = "This is a cross-referencing BOOK entry",
}

@BOOK{whole-set,
   author = "Donald E. Knuth",
   publisher = "Addison-Wesley",
   title = "The Art of Computer Programming",
   series = "Four volumes",
   year = "{\noopsort{1973a}}{\switchargs{--90}{1968}}",
   note = "Seven volumes planned (this is a cross-referenced set of BOOKs)",
}

@BOOKLET{booklet-minimal,
   key = "Kn{\printfirst{v}{1987}}",
   title = "The Programming of Computer Art",
}

@BOOKLET{booklet-full,
   author = "Jill C. Knvth",
   title = "The Programming of Computer Art",
   howpublished = "Vernier Art Center",
   address = "Stanford, California",
   month = feb,
   year = 1988,
   note = "This is a full BOOKLET entry",
}

@INCOLLECTION{incollection-minimal,
   author = "Daniel D. Lincoll",
   title = "Semigroups of Recurrences",
   booktitle = "High Speed Computer and Algorithm Organization",
   publisher = "Academic Press",
   year = 1977,
}

@INCOLLECTION{incollection-full,
   author = "Daniel D. Lincoll",
   title = "Semigroups of Recurrences",
   editor = "David J. Lipcoll and D. H. Lawrie and A. H. Sameh",
   booktitle = "High Speed Computer and Algorithm Organization",
   number = 23,
   series = "Fast Computers",
   chapter = 3,
   type = "Part",
   pages = "179--183",
   publisher = "Academic Press",
   address = "New York",
   edition = "Third",
   month = sep,
   year = 1977,
   note = "This is a full INCOLLECTION entry",
}

@INCOLLECTION{incollection-crossref,
   crossref = "whole-collection",
   author = "Daniel D. Lincoll",
   title = "Semigroups of Recurrences",
   pages = "179--183",
   note = "This is a cross-referencing INCOLLECTION entry",
}

@BOOK{whole-collection,
   editor = "David J. Lipcoll and D. H. Lawrie and A. H. Sameh",
   title = "High Speed Computer and Algorithm Organization",
   booktitle = "High Speed Computer and Algorithm Organization",
   number = 23,
   series = "Fast Computers",
   publisher = "Academic Press",
   address = "New York",
   edition = "Third",
   month = sep,
   year = 1977,
   note = "This is a cross-referenced BOOK (collection) entry",
}

@MANUAL{manual-minimal,
   key = "Manmaker",
   title = "The Definitive Computer Manual",
}

@MANUAL{manual-full,
   author = "Larry Manmaker",
   title = "The Definitive Computer Manual",
   organization = "Chips-R-Us",
   address = "Silicon Valley",
   edition = "Silver",
   month = apr # "-" # may,
   year = 1986,
   note = "This is a full MANUAL entry",
}

@MASTERSTHESIS{mastersthesis-minimal,
   author = "{\'{E}}douard Masterly",
   title = "Mastering Thesis Writing",
   school = "Stanford University",
   year = 1988,
}

@MASTERSTHESIS{mastersthesis-full,
   author = "{\'{E}}douard Masterly",
   title = "Mastering Thesis Writing",
   school = "Stanford University",
   type = "Master's project",
   address = "English Department",
   month = jun # "-" # aug,
   year = 1988,
   note = "This is a full MASTERSTHESIS entry",
}

@MISC{misc-minimal,
   key = "Missilany",
   note = "This is a minimal MISC entry",
}

@MISC{misc-full,
   author = "Joe-Bob Missilany",
   title = "Handing out random pamphlets in airports",
   howpublished = "Handed out at O'Hare",
   month = oct,
   year = 1984,
   note = "This is a full MISC entry",
}

@STRING{STOC-key = "OX{\singleletter{stoc}}"}

@STRING{ACM = "The OX Association for Computing Machinery"}

@STRING{STOC = " Symposium on the Theory of Computing"}

@INPROCEEDINGS{inproceedings-minimal,
   author = "Alfred V. Oaho and Jeffrey D. Ullman and Mihalis Yannakakis",
   title = "On Notions of Information Transfer in {VLSI} Circuits",
   booktitle = "Proc. Fifteenth Annual ACM" # STOC,
   year = 1983,
}

@INPROCEEDINGS{inproceedings-full,
   author = "Alfred V. Oaho and Jeffrey D. Ullman and Mihalis Yannakakis",
   title = "On Notions of Information Transfer in {VLSI} Circuits",
   editor = "Wizard V. Oz and Mihalis Yannakakis",
   booktitle = "Proc. Fifteenth Annual ACM" # STOC,
   number = 17,
   series = "All ACM Conferences",
   pages = "133--139",
   month = mar,
   year = 1983,
   address = "Boston",
   organization = ACM,
   publisher = "Academic Press",
   note = "This is a full INPROCEDINGS entry",
}

@INPROCEEDINGS{inproceedings-crossref,
   crossref = "whole-proceedings",
   author = "Alfred V. Oaho and Jeffrey D. Ullman and Mihalis Yannakakis",
   title = "On Notions of Information Transfer in {VLSI} Circuits",
   organization = "",
   pages = "133--139",
   note = "This is a cross-referencing INPROCEEDINGS entry",
}

@PROCEEDINGS{proceedings-minimal,
   key = STOC-key,
   title = "Proc. Fifteenth Annual" # STOC,
   year = 1983,
}

@PROCEEDINGS{proceedings-full,
   editor = "Wizard V. Oz and Mihalis Yannakakis",
   title = "Proc. Fifteenth Annual" # STOC,
   number = 17,
   series = "All ACM Conferences",
   month = mar,
   year = 1983,
   address = "Boston",
   organization = ACM,
   publisher = "Academic Press",
   note = "This is a full PROCEEDINGS entry",
}

@PROCEEDINGS{whole-proceedings,
   key = STOC-key,
   organization = ACM,
   title = "Proc. Fifteenth Annual" # STOC,
   address = "Boston",
   year = 1983,
   booktitle = "Proc. Fifteenth Annual ACM" # STOC,
   note = "This is a cross-referenced PROCEEDINGS",
}

@PHDTHESIS{phdthesis-minimal,
   author = "F. Phidias Phony-Baloney",
   title = "Fighting Fire with Fire: Festooning {F}rench Phrases",
   school = "Fanstord University",
   year = 1988,
}

@PHDTHESIS{phdthesis-full,
   author = "F. Phidias Phony-Baloney",
   title = "Fighting Fire with Fire: Festooning {F}rench Phrases",
   school = "Fanstord University",
   type = "{PhD} Dissertation",
   address = "Department of French",
   month = jun # "-" # aug,
   year = 1988,
   note = "This is a full PHDTHESIS entry",
}

@TECHREPORT{techreport-minimal,
   author = "Tom Terrific",
   title = "An {$O(n \log n / \! \log\log n)$} Sorting Algorithm",
   institution = "Fanstord University",
   year = 1988,
}

@TECHREPORT{techreport-full,
   author = "Tom T{\'{e}}rrific",
   title = "An {$O(n \log n / \! \log\log n)$} Sorting Algorithm",
   institution = "Fanstord University",
   type = "Wishful Research Result",
   number = "7",
   address = "Computer Science Department, Fanstord, California",
   month = oct,
   year = 1988,
   note = "This is a full TECHREPORT entry",
}

@UNPUBLISHED{unpublished-minimal,
   author = "Ulrich {\"{U}}nderwood and Ned {\~N}et and Paul {\={P}}ot",
   title = "Lower Bounds for Wishful Research Results",
   note = "Talk at Fanstord University (this is a minimal UNPUBLISHED entry)",
}

@UNPUBLISHED{unpublished-full,
   author = "Ulrich {\"{U}}nderwood and Ned {\~N}et and Paul {\={P}}ot",
   title = "Lower Bounds for Wishful Research Results",
   month = nov # ", " # dec,
   year = 1988,
   note = "Talk at Fanstord University (this is a full UNPUBLISHED entry)",
}

@MISC{random-note-crossref,
   key = {Volume-2},
   note = "Volume~2 is listed under Knuth \cite{book-full}"
}

@misc{patterson:risc,
   author = {Some Author},
   title  = {Some title}
   }

@misc{rad83,
   author = {Some Author},
   title  = {Some title}
   }

@misc{ellis:bulldog,
   author = {Some Author},
   title  = {Some title}
   }

@misc{pet87,
   author = {Some Author},
   title  = {Some title}
   }

@misc{coutant:precision-compilers,
   author = {Some Author},
   title  = {Some title}
   }

@misc{gib86,
   author = {Some Author},
   title  = {Some title}
   }

@misc{thornton:cdc6600,
   author = {Some Author},
   title  = {Some title}
   }

@misc{magenheimer:precision,
   author = {Some Author},
   title  = {Some title}
   }

@misc{byte:i860,
   author = {Some Author},
   title  = {Some title}
   }

@misc{colwell:vliw,
   author = {Some Author},
   title  = {Some title}
   }

@MISC{sullivan06,
   author = "Daniel E. Sullivan",
   title = "Materials in Use in U.S. Interstate Highways",
   howpublished = "USGS Report",
   month = oct,
   year = 2006,
}

OLD BEGIN HERE

@article{Alder:1957,
  title={Phase transition for a hard sphere system},
  author={Alder, Berni Julian and Wainwright, Thomas Everett},
  journal={The Journal of Chemical Physics},
  volume={27},
  number={5},
  pages={1208},
  year={1957}
}

@article{Alder:1959,
  title={{Studies in molecular dynamics. I. General method}},
  author={Alder, Berni Julian and Wainwright, Thomas Everett},
  journal={The Journal of Chemical Physics},
  volume={31},
  number={2},
  pages={459--466},
  year={1959},
  publisher={AIP Publishing}
}

@article{Alder:1960,
  title={{Studies in molecular dynamics. II. Behavior of a small number of elastic spheres}},
  author={Alder, Berni Julian and Wainwright, Thomas Everett},
  journal={The Journal of Chemical Physics},
  volume={33},
  number={5},
  pages={1439--1451},
  year={1960},
  publisher={AIP Publishing}
}

@inproceedings{Alduan:2009:Simulation,
  title={Simulation of High-Resolution Granular Media.},
  author={Aldu{\'a}n, Iv{\'a}n and Tena, Angel and Otaduy, Miguel A.},
  booktitle={CEIG},
  pages={11--18},
  year={2009}
}

@inproceedings{Alduan:2011:SPH,
  author = {Aldu\'{a}n, Iv\'{a}n and Otaduy, Miguel A.},
  title = {SPH Granular Flow with Friction and Cohesion},
  booktitle = {Proceedings of the 2011 ACM SIGGRAPH/Eurographics Symposium on Computer Animation},
  series = {SCA '11},
  year = {2011},
  pages = {25--32},
  numpages = {8}
}

@inproceedings{Ammann:2007:BS,
 author = {Ammann, Christoph and Bloom, Doug and Cohen, Jonathan M. and Courte, John and Flores, Lucio and Hasegawa, Sho and Kalaitzidis, Nikos and Tornberg, Terrance and Treweek, Laurence and Winter, Bob and Yang, Chris},
 title = {The Birth of Sandman},
 booktitle = {ACM SIGGRAPH 2007 Sketches},
 series = {SIGGRAPH '07},
 year = {2007},
 location = {San Diego, California},
 articleno = {26}
}

@article{Aranson:2002:Continuum,
  title={Continuum theory of partially fluidized granular flows},
  author={Aranson, Igor S. and Tsimring, Lev S.},
  journal={Physical Review E},
  volume={65},
  number={6},
  pages={061303},
  year={2002},
  publisher={APS}
}

@inproceedings{Bell:2005:Particle,
  title={Particle-based simulation of granular materials},
  author={Bell, Nathan and Yu, Yizhou and Mucha, Peter J.},
  booktitle={Proceedings of the 2005 ACM SIGGRAPH/Eurographics symposium on Computer animation},
  pages={77--86},
  year={2005},
  organization={ACM}
}

@article{Dafalias:2004:Sand,
  title={Sand plasticity model accounting for inherent fabric anisotropy},
  author={Dafalias, Yannis F. and Papadimitriou, Achilleas G. and Li, Xiang S.},
  journal={Journal of Engineering Mechanics},
  volume={130},
  number={11},
  pages={1319--1333},
  year={2004},
  publisher={American Society of Civil Engineers}
}

@article{Daviet:2016:Semiimplicit,
  author = {Daviet, Gilles and Bertails-Descoubes, Florence},
  title = {A Semi-implicit Material Point Method for the Continuum Simulation of Granular Materials},
  journal = {ACM Trans. Graph.},
  volume = {35},
  number = {4},
  month = jul,
  year = {2016},
  pages = {102:1--102:13},
  numpages = {13}
} 

@article{Dunatunga:2015:Continuum,
  title={Continuum modelling and simulation of granular flows through their many phases},
  author={Dunatunga, Sachith and Kamrin, Ken},
  journal={Journal of Fluid Mechanics},
  volume={779},
  pages={483--513},
  year={2015},
  publisher={Cambridge Univ Press}
}

@book{Duran:2012:Sands,
  title={Sands, Powders, and Grains: An Introduction to the Physics of Granular Materials},
  author={Duran, Jacques},
  year={2012},
  publisher={Springer Science \& Business Media}
}

@article{Carlson:2003:Silo,
  title={Silo Failures: Why do they happen?},
  author={Carlson, J. W. and Holmes, T.},
  year={2003},
  journal={Task Quarterly},
  volume={7:3},
  pages={499-512}
}

@article{Gao:2017:AnAdaptive,
  author = {Gao, Ming and Tampubolon, Andre Pradhana and Jiang, Chenfanfu and Sifakis, Eftychios},
  title = {An Adaptive Generalized Interpolation Material Point Method for Simulating Elastoplastic Materials},
  journal = {ACM Trans. Graph.},
  volume = {36},
  number = {6},
  month = nov,
  year = {2017},
  pages = {223:1--223:12},
  articleno = {223},
  numpages = {12}
}

@book{Hoover:1986,
  title={Molecular Dynamics},
  author={William Graham Hoover},
  year={1986},
  publisher={Springer-Verlag}
}

@book{Rapaport:2004,
  title={The Art of Molecular Dynamics Simulation},
  author={Rapaport, Dennis C.},
  year={2004},
  publisher={Cambridge University Press}
}

@book{Frenkel:2001,
  title={Understanding Molecular Simulation: From Algorithms to Applications},
  author={Frenkel, Daan and Smit, Berend},
  volume={1},
  year={2001},
  publisher={Academic Press},
  doi={10.1016/B978-012267351-1/50000-6}
}

@article{Cundall:1979,
  title={A discrete numerical model for granular assemblies},
  author={Cundall, Peter A. and Strack, Otto D. L.},
  journal={G\'eotechnique},
  volume={29},
  number={1},
  pages={47--65},
  year={1979},
  publisher={Thomas Telford}
}

@article{Haff:1986,
  title={Computer simulation of the mechanical sorting of grains},
  author={Haff, Peter K. and Werner, Bradley T.},
  journal={Powder Technology},
  volume={48},
  number={3},
  pages={239--245},
  year={1986},
  publisher={Elsevier}
}

@article{Walton:1986,
  title={Viscosity, granular-temperature, and stress calculations for shearing assemblies of inelastic, frictional disks},
  author={Walton, Otis R. and Braun, Robert L.},
  journal={Journal of Rheology},
  volume={30},
  number={5},
  pages={949--980},
  year={1986}
}

@article{Gallas:1992,
  title={Convection cells in vibrating granular media},
  author={Gallas, Jason Alfredo Carlson and Herrmann, Hans J{\"u}rgen and Soko{\l}owski, Stefan},
  journal={Physical Review Letters},
  volume={69},
  number={9},
  pages={1371},
  year={1992},
  publisher={APS}
}

@book{Poschel:2005,
  title={Computational Granular Dynamics: Models and Algorithms},
  author={P{\"o}schel, Thorsten and Schwager, Thomas},
  year={2005},
  publisher={Springer Science \& Business Media}
}

@article{Ihmsen:2013:Lagrangian,
  title={A Lagrangian framework for simulating granular material with high detail},
  author={Ihmsen, Markus and Wahl, Arthur and Teschner, Matthias},
  journal={Computers \& Graphics},
  volume={37},
  number={7},
  pages={800--808},
  year={2013},
  publisher={Elsevier}
}

@article{Jop:2006:Constitutive,
  title={A constitutive law for dense granular flows},
  author={Jop, Pierre and Forterre, Yo{\"e}l and Pouliquen, Olivier},
  journal={Nature},
  volume={441},
  number={7094},
  pages={727--730},
  year={2006},
  publisher={Nature Publishing Group}
}

@article{Kamrin:2012:Nonlocal,
  title={Nonlocal constitutive relation for steady granular flow},
  author={Kamrin, Ken and Koval, Georg},
  journal={Physical Review Letters},
  volume={108},
  number={17},
  pages={178301},
  year={2012},
  publisher={APS}
}

@article{Lagree:2011,
  Author = {Pierre-Yves Lagr\'ee and Lydie Staron and St\'ephane Popinet},
  Journal = {Journal of Fluid Mechanics},
  Pages = {378--408},
  Title = {{The granular column collapse as a continuum: {V}alidity of a two-dimensional {Navier-Stokes} model with a $\mu(I)$-rheology}},
  Volume = {686},
  month = nov,
  Year = {2011}
}

@inproceedings{Luciani:1995:Multi,
  title={A multi-scale physical model of granular materials},
  author={Luciani, Annie and Habibi, Arash and Manzotti, Emmanuel},
  booktitle={Graphics interface'95},
  pages={136--146},
  year={1995}
}

@article{Miller:1989:GD,
  author = "Gavin Miller and Andrew Pearce",
  title = "Globular dynamics: A connected particle system for animating viscous fluids",
  journal = "Computers \& Graphics",
  volume = "13",
  number = "3",
  pages = "305 - 309",
  year = "1989"
}

@article{Mohan:2002:Frictional,
  title={A frictional {Cosserat} model for the slow shearing of granular materials},
  author={Mohan, L. Srinivasa and Rao, K. Kesava and Nott, Prabhu R.},
  journal={Journal of Fluid Mechanics},
  volume={457},
  pages={377--409},
  year={2002},
  publisher={Cambridge University Press}
}

@article{Narain:2010:FGM,
  author = {Narain, Rahul and Golas, Abhinav and Lin, Ming C.},
  title = {Free-flowing Granular Materials with Two-way Solid Coupling},
  journal = {ACM Trans. Graph.},
  volume = {29},
  number = {6},
  month = dec,
  year = {2010},
  pages = {173:1--173:10},
  articleno = {173},
  numpages = {10}
}

@article{Richard:2005:Slow,
  author={Richard, Patrick and Nicodemi, Mario and Delannay, Renaud and Ribi{\`e}re, Philippe and Bideau, Daniel},
  journal={Nature Materials.},
  title={Slow relaxation and compaction of granular systems},
  year={2005},
  volume={4},
  pages={121-128}
}

@article{Rothenburg:1989:Analytical,
  title={Analytical study of induced anisotropy in idealized granular materials},
  author={Rothenburg, Leo and Bathurst, Richard J.},
  journal={G\'eotechnique},
  volume={39},
  number={4},
  pages={601--614},
  year={1989},
  publisher={Thomas Telford}
}

@book{Schofield:1968:Critical,
  title={Critical State Soil Mechanics},
  author={Schofield, Andrew and Wroth, Peter},
  year={1968},
  publisher={McGraw-Hill},
  address={London}
}

@article {Lenaerts:2009:Mixing,
  author = {Lenaerts, Toon and Dutr\'e Philip},
  title = {Mixing Fluids and Granular Materials},
  journal = {Computer Graphics Forum},
  volume = {28},
  number = {2},
  pages = {213--218},
  year = {2009},
}

@article{Zhu:2005:Animating,
  title={Animating sand as a fluid},
  author={Zhu, Yongning and Bridson, Robert},
  booktitle={ACM Trans. Graph.},
  volume={24},
  number={3},
  pages={965--972},
  year={2005}
}

@book{Zienkiewicz:2000:TheFiniteElementMethod,
  Author = {Zienkiewicz, Olgierd Cecil and Taylor, Robert L.},
  Edition = 5,
  Publisher = {Butterworth and Heinemann},
  Title = {The finite element method: {The basis}},
  Volume = 1,
  Year = 2000
}

@article{Daviet:2016:SMP:2897824.2925877,
 author = {Daviet, Gilles and Bertails-Descoubes, Florence},
 title = {A Semi-implicit Material Point Method for the Continuum Simulation of Granular Materials},
 journal = {ACM Trans. Graph.},
 issue_date = {July 2016},
 volume = {35},
 number = {4},
 month = jul,
 year = {2016},
 issn = {0730-0301},
 pages = {102:1--102:13},
 articleno = {102},
 numpages = {13},
 url = {http://doi.acm.org/10.1145/2897824.2925877},
 doi = {10.1145/2897824.2925877},
 acmid = {2925877},
 publisher = {ACM},
 address = {New York, NY, USA},
 keywords = {continuum modeling, drucker-prager yield criterion, granular materials, material point method, nonsmooth rheology},
}

@incollection{Nguyen:2015:Numerical,
  title={Numerical Modeling of Particle Breaking Process in Granular Materials: Compaction and Evolution of Size Distribution},
  author={Nguyen, Duc-Hanh and Az{\'e}ma, Emilien and Radjai, Farhang and Sornay, Philippe},
  booktitle={Bifurcation and Degradation of Geomaterials in the New Millennium},
  pages={161--167},
  year={2015},
  publisher={Springer}
}

@article{Aastrom:1998:Fragmentation,
  title={Fragmentation of grains in a two-dimensional packing},
  author={{\AA}str{\"o}m, Jan A. and Herrmann, Hans J{\"u}rgen},
  journal={The European Physical Journal B-Condensed Matter and Complex Systems},
  volume={5},
  number={3},
  pages={551--554},
  year={1998},
  publisher={Springer}
}

@article{Tsoungui:1999:Numerical,
  title={Numerical model of crushing of grains inside two-dimensional granular materials},
  author={Tsoungui, Olivier and Vallet, Denis and Charmet, Jean-Claude},
  journal={Powder Technology},
  volume={105},
  number={1},
  pages={190--198},
  year={1999},
  publisher={Elsevier}
}

@article{Ben:2010:Force,
  title={Force attractor in confined comminution of granular materials},
  author={Ben-Nun, Oded and Einav, Itai and Tordesillas, Antoinette},
  journal={Physical Review Letters},
  volume={104},
  number={10},
  pages={108001},
  year={2010},
  publisher={APS}
}

@article{Shafer:1996,
  title={Force schemes in simulations of granular materials},
  author={Sh{\"a}fer, J. and Dippel, S. and Wolf, D. E.},
  journal={Journal de Physique I},
  volume={6},
  number={1},
  pages={5--20},
  year={1996},
  publisher={EDP Sciences}
}

@article{Kruggel:2007,
  title={Review and extension of normal force models for the discrete element method},
  author={Kruggel-Emden, Harald and Simsek, Erdem and Rickelt, Stefan and Wirtz, Siegmar and Scherer, Viktor},
  journal={Powder Technology},
  volume={171},
  number={3},
  pages={157--173},
  year={2007},
  publisher={Elsevier}
}

@article{Baraff:1989,
  author = {Baraff, David},
  title = {Analytical Methods for Dynamic Simulation of Non-penetrating Rigid Bodies},
  journal = {Computer Graphics},
  year = {1989},
  volume = {23},
  pages = {223--232},
}

@article{Jean:1999,
  author = {Jean, Michel},
  title = {The Non-Smooth Contact Dynamics Method},
  journal = {Computer Methods in Applied Mechanical Engineering},
  volume = {177},
  number = {3-4},
  year = {1999},
  pages = {235--257},
}

@book{Brogliato:2012,
  title={Nonsmooth mechanics: models, dynamics and control},
  author={Brogliato, Bernard},
  year={2012},
  publisher={Springer Science \& Business Media}
}

@article{Brown:2010:URG,
  author = {Brown, Eric and Rodenberg, Nicholas and Amend, John and Mozeika, Annan and Steltz, Erik and Zakin, Mitchell R. and Lipson, Hod and Jaeger, Heinrich M.},
  title = {Universal robotic gripper based on the jamming of granular material},
  volume = {107},
  number = {44},
  pages = {18809-18814},
  year = {2010},
  journal = {Proceedings of the National Academy of Sciences} 
}

@book{Acary:2008,
  title={Numerical Methods for Nonsmooth Dynamical Systems: Applications in Mechanics and Electronics},
  author={Acary, Vincent and Brogliato, Bernard},
  volume={35},
  year={2008},
  publisher={Springer Science \& Business Media}
}

@book{Stewart:2011,
  title={{Dynamics with Inequalities: Impacts and Hard Constraints}},
  author={Stewart, David E.},
  year={2011},
  publisher={SIAM},
  doi={10.1137/1.9781611970715}
}

@INBOOK{Moreau:1983,
  author = "Jean-Jacques Moreau",
  title = "Standard Inelastic Shocks and the Dynamics of Unilateral Constraints",
  pages = {173--221},
  booktitle = {{Unilateral Problems in Structural Analysis}},
  publisher = {International Centre for Mechanical Sciences},
  series={Courses and Lectures},
  volume=288,
  year = 1983
}

@article{Moreau:1988,
  author = {Moreau, Jean-Jacques},
  journal = {Nonsmooth Mechanics and Applications, {CISM} Courses and Lectures},
  number = {302},
  pages = {1--82},
  publisher = {Springer--Verlag, New York},
  title = {Unilateral Contact and Dry Friction in Finite Freedom Dynamics},
  year = {1988}
}

@article{Stewart:1996,
  author = {Stewart, David E. and Trinkle, Jeff C.},
  journal = {International Journal for Numerical Methods in Engineering},
  title = {An Implicit Time-Stepping Scheme for Rigid Body Dynamics with {Coulomb} Friction },
  volume = {39},
  number = {15},
  year = {1996},
  pages = {2673--2691},
}

@article{anitescu2004constraint,
  title={A constraint-stabilized time-stepping approach for rigid multibody dynamics with joints, contact and friction},
  author={Anitescu, Mihai and Hart, Gary D.},
  journal={International Journal for Numerical Methods in Engineering},
  volume={60},
  number={14},
  pages={2335--2371},
  year={2004},
  publisher={Wiley Online Library}
}

@inproceedings{cline2003post,
  title={Post-stabilization for rigid body simulation with contact and constraints},
  author={Cline, Michael B. and Pai, Dinesh K.},
  booktitle={Robotics and Automation, 2003. Proceedings. ICRA'03. IEEE International Conference on},
  volume={3},
  pages={3744--3751},
  year={2003},
  organization={IEEE}
}

@article{Stewart:2000,
  title={Rigid-body dynamics with friction and impact},
  author={Stewart, David E.},
  journal={SIAM review},
  volume={42},
  number={1},
  pages={3--39},
  year={2000},
  publisher={SIAM}
}

@article{Kaufman:2008,
  author = {Kaufman, Danny M. and Sueda, Shinjiro and James, Doug L. and Pai, Dinesh K.},
  title = {Staggered Projections for Frictional Contact in Multibody Systems},
  journal = {ACM Trans. Graph.},
  volume = {27},
  number = {5},
  year = {2008},
  pages = {164:1--164:11},
  numpages = {11}
}

@article{Alart:1991,
  author = {Alart, Pierre and Curnier, Alain},
  title = {{A mixed formulation for frictional contact problems prone to Newton like solution methods}},
  journal = {Computer Methods in Applied Mechanics and Engineering},
  year = {1991},
  volume = {92},
  month = nov,
  number = {3},
  pages = {353--375}
}

@article{Stewart:2001,
  author = {Stewart, David E.},
  journal = {Phil. Trans. R. Soc. Lond. A},
  pages = {2467--2482},
  title = {{Finite-dimensional contact mechanics}},
  volume = {359},
  year = {2001}
}

@article{Duriez:2006,
  author = {Duriez, Christian and Dubois, Frederic and Kheddar, Abderrahmane and Andriot, Claude},
  title = {Realistic Haptic Rendering of Interacting Deformable Objects in Virtual Environments},
  journal = {IEEE Transactions on Visualization and Computer Graphics},
  year = {2006},
  volume = {12},
  number = {1},
  pages = {36--47},
  month = jan
}

@techreport{Bonnefon:2011,
  author = {Bonnefon, Olivier and Daviet, Gilles},
  title = {Quartic formulation of {Coulomb} {3D} frictional contact},
  institution = {INRIA},
  affiliation = {BIPOP - INRIA Grenoble Rh{\^o}ne-Alpes / LJK Laboratoire Jean Kuntzmann},
  number = {RT-0400},
  year = {2011},
  month = Jan
}

@article{Daviet:2011,
  author = {Daviet, Gilles and Bertails-Descoubes, Florence and Boissieux, Laurence},
  title = {A Hybrid Iterative Solver for Robustly Capturing {Coulomb} Friction in Hair Dynamics},
  journal = {ACM Trans. Graph.},
  volume = {30},
  number = {6},
  year = {2011},
  pages = {139:1--139:12},
  numpages = {12}
}

@article{Jourdan:1998,
  author = {Jourdan, Franck and Alart, Pierre and Jean, Michel},
  title = {A {Gauss-Seidel} like algorithm to solve frictional contact problems},
  journal = {Computer Methods in Applied Mechanics and Engineering},
  year = {1998},
  volume = {155},
  month = mar,
  number = {1},
  pages = {31--47}
}

@inproceedings{Jean:1992,
  author = {Jean, Michel and Moreau, Jean-Jacques},
  title = {{Unilaterality and dry friction in the dynamics of rigid body collections}},
  booktitle = {Proceedings of Contact Mechanics International Symposium},
  year = {1992},
  month= oct,
  pages = {31--48},
  volume = {1}
}

@article{Anitescu:2004b,
  author = {Anitescu, Mihai and Hart, Gary D.},
  journal = {Mathematical Programming},
  number = {1},
  pages = {3--32},
  title = {A fixed-point Iteration approach for multibody dynamics with contact and small friction},
  volume = {101},
  year = {2004}
}

@article{Macklin:2014:UPP,
  author = {Macklin, Miles and M\"{u}ller, Matthias and Chentanez, Nuttapong and Kim, Tae-Yong},
  title = {Unified Particle Physics for Real-time Applications},
  journal = {ACM Trans. Graph.},
  volume = {33},
  number = {4},
  month = jul,
  year = {2014},
  pages = {153:1--153:12},
  articleno = {153},
  numpages = {12}
}

@article{Mazhar:2015,
  author = {Mazhar, Hammad and Heyn, Toby and Negrut, Dan and Tasora, Alessandro},
  title = {Using {Nesterov's} Method to Accelerate Multibody Dynamics with Friction and Contact},
  journal = {ACM Trans. Graph.},
  issue_date = {April 2015},
  volume = {34},
  number = {3},
  month = may,
  year = {2015},
  issn = {0730-0301},
  pages = {32:1--32:14},
  articleno = {32},
  numpages = {14},
  url = {http://doi.acm.org/10.1145/2735627},
  doi = {10.1145/2735627},
  acmid = {2735627},
  publisher = {ACM},
  address = {New York, NY, USA},
  keywords = {Rigid body dynamics, contact, friction, physics-based simulation}
}

@phdthesis{Preclik:2014,
  author      = {Tobias Preclik},
  title       = {Models and Algorithms for Ultrascale Simulations of Non-smooth Granular Dynamics},
  pages       = {1-214},
  year        = {2014},
  school = {Friedrich-Alexander-Universit\"at Erlangen-N\"urnberg (FAU)}
}

@article{Erleben:2007,
  author = {Erleben, Kenny},
  title = {Velocity-based Shock Propagation for Multibody Dynamics Animation},
  journal = {ACM Trans. Graph.},
  issue_date = {June 07},
  volume = {26},
  number = {2},
  month = jun,
  year = {2007},
  issn = {0730-0301},
  articleno = {12},
  url = {http://doi.acm.org/10.1145/1243980.1243986},
  doi = {10.1145/1243980.1243986},
  acmid = {1243986},
  publisher = {ACM},
  address = {New York, NY, USA},
  keywords = {Multibody dynamics, complementarity formulations, constraint-based simulation, shock-propagation, stacking}
}

@article{Tonge:2012,
  author = {Tonge, Richard and Benevolenski, Feodor and Voroshilov, Andrey},
  title = {Mass Splitting for Jitter-free Parallel Rigid Body Simulation},
  journal = {ACM Trans. Graph.},
  issue_date = {July 2012},
  volume = {31},
  number = {4},
  month = jul,
  year = {2012},
  issn = {0730-0301},
  pages = {105:1--105:8},
  articleno = {105},
  numpages = {8},
  url = {http://doi.acm.org/10.1145/2185520.2185601},
  doi = {10.1145/2185520.2185601},
  acmid = {2185601},
  publisher = {ACM},
  address = {New York, NY, USA},
  keywords = {contact, friction, non-smooth dynamics, rigid bodies}
}

@inproceedings{Uchida:2015,
  title={Making a meaningful impact: {M}odelling simultaneous frictional collisions in spatial multibody systems},
  author={Uchida, Thomas K. and Sherman, Michael A. and Delp, Scott L.},
  booktitle={Proceedings of the Royal Society of London A: Mathematical, Physical and Engineering Sciences},
  volume={471},
  pages={20140859},
  year={2015},
  organization={The Royal Society},
  doi={10.1098/rspa.2014.0859}
}

@article{Smith:2012,
  author = {Smith, Breannan and Kaufman, Danny M. and Vouga, Etienne and Tamstorf, Rasmus and Grinspun, Eitan},
  title = {Reflections on Simultaneous Impact},
  journal = {ACM Trans. Graph.},
  issue_date = {July 2012},
  volume = {31},
  number = {4},
  month = jul,
  year = {2012},
  issn = {0730-0301},
  pages = {106:1--106:12},
}

@article{Klar:2016,
  author = {Kl\'{a}r, Gergely and Gast, Theodore and Pradhana, Andre and Fu, Chuyuan and Schroeder, Craig and Jiang, Chenfanfu and Teran, Joseph},
  title = {Drucker-prager Elastoplasticity for Sand Animation},
  journal = {ACM Trans. Graph.},
  issue_date = {July 2016},
  volume = {35},
  number = {4},
  month = jul,
  year = {2016},
  issn = {0730-0301},
  pages = {103:1--103:12},
  articleno = {103},
  numpages = {12},
  url = {http://doi.acm.org/10.1145/2897824.2925906},
  doi = {10.1145/2897824.2925906},
  acmid = {2925906},
  publisher = {ACM},
  address = {New York, NY, USA},
  keywords = {APIC, MPM, elastoplasticity, granular, sand},
}

@article{Jaeger:1996,
  title = {Granular solids, liquids, and gases},
  author = {Jaeger, Heinrich M. and Nagel, Sidney R. and Behringer, Robert P.},
  journal = {Rev. Mod. Phys.},
  volume = {68},
  issue = {4},
  pages = {1259--1273},
  numpages = {0},
  year = {1996},
  month = {Oct},
  publisher = {American Physical Society},
  doi = {10.1103/RevModPhys.68.1259},
  url = {http://link.aps.org/doi/10.1103/RevModPhys.68.1259}
}

@article{Sulsky:1994,
  title={A particle method for history-dependent materials},
  author={Sulsky, Deborah and Chen, Zhen and Schreyer, Howard L.},
  journal={Computer methods in applied mechanics and engineering},
  volume={118},
  number={1},
  pages={179--196},
  year={1994},
  publisher={Elsevier}
}

@article{Tadmor:1996,
  title={Mixed atomistic and continuum models of deformation in solids},
  author={Tadmor, Ellad B. and Phillips, Rob and Ortiz, Michael},
  journal={Langmuir},
  volume={12},
  number={19},
  pages={4529--4534},
  year={1996},
  publisher={ACS Publications}
}

@article{Smith:2001,
  title={Multiscale simulations of silicon nanoindentation},
  author={Smith, Gregory S. and Tadmor, Ellad B. and Bernstein, Noam and Kaxiras, Efthimios},
  journal={Acta Materialia},
  volume={49},
  number={19},
  pages={4089--4101},
  year={2001},
  publisher={Elsevier}
}

@article{Shimokawa:2007,
  title={Interaction mechanism between edge dislocations and asymmetrical tilt grain boundaries investigated via quasicontinuum simulations},
  author={Shimokawa, Tomotsugu and Kinari, Toshiyasu and Shintaku, S},
  journal={Physical Review B},
  volume={75},
  number={14},
  pages={144108},
  year={2007},
  publisher={APS}
}

@article{Zhang:2005,
  title={A new quasi-continuum constitutive model for crack growth in an isotropic solid},
  author={Zhang, Zhennan and Ge, Xiurun},
  journal={European Journal of Mechanics-A/Solids},
  volume={24},
  number={2},
  pages={243--252},
  year={2005},
  publisher={Elsevier}
}

@article{Dhia:1998,
  title={Multiscale mechanical problems: the Arlequin method},
  author={Dhia, Hachmi Ben},
  journal={Comptes Rendus de l'Academie des Sciences Series IIB Mechanics Physics Astronomy},
  volume={12},
  number={326},
  pages={899--904},
  year={1998}
}

@article{Yan:2010,
  author = {Beichuan Yan and Richard A. Regueiro and Stein Sture},
  title = {Three-dimensional ellipsoidal discrete element modeling of granular materials and its coupling with finite element facets},
  journal = {Engineering Computations},
  volume = {27},
  number = {4},
  pages = {519-550},
  year = {2010},
}

@article{Rycroft:2009,
  title={Assessing continuum postulates in simulations of granular flow},
  author={Rycroft, Chris H. and Kamrin, Ken and Bazant, Martin Z.},
  journal={Journal of the Mechanics and Physics of Solids},
  volume={57},
  number={5},
  pages={828--839},
  year={2009},
  publisher={Elsevier}
}

@article{Kamrin:2010,
  title={Nonlinear elasto-plastic model for dense granular flow},
  author={Kamrin, Ken},
  journal={International Journal of Plasticity},
  volume={26},
  number={2},
  pages={167--188},
  year={2010},
  publisher={Elsevier}
}

@article{Kamrin:2014,
  author = {Kamrin, Ken and Koval, Georg},
  title = {Effect of Particle Surface Friction on Nonlocal Constitutive Behavior of Flowing Granular Media},
  journal = {Computational Particle Mechanics},
  volume = {1},
  number = {2},
  year = {2014},
  pages = {169--176},
}

@article{smith:2005,
  title={Open dynamics engine},
  author={Smith, Russell and others},
  year={2005}
}

@article{Mio:2009,
  title = "Speed-up of computing time for numerical analysis of particle charging process by using discrete element method ",
  journal = "Chemical Engineering Science ",
  volume = "64",
  number = "5",
  pages = "1019 - 1026",
  year = "2009",
  issn = "0009-2509",
  author = "Hiroshi Mio and Masatoshi Akashi and Atsuko Shimosaka and Yoshiyuki Shirakawa and Jusuke Hidaka and Shinroku Matsuzaki"
}

@article{McCarthy:1998,
  title = "Particle dynamics simulation: a hybrid technique applied to granular mixing ",
  journal = "Powder Technology ",
  volume = "97",
  number = "2",
  pages = "91 - 99",
  year = "1998",
  author = "Joseph J. McCarthy and Julio M. Ottino"
}

@article{Hsu:2010,
  author = {Hsu, Shu-Wei and Keyser, John},
  title = {Piles of Objects},
  journal = {ACM Trans. Graph.},
  volume = {29},
  number = {6},
  month = dec,
  year = {2010},
  pages = {155:1--155:6},
  numpages = {6}
}

@article{Zhu:2010,
  title={Animating sand as a surface flow},
  author={Zhu, Bo and Yang, Xubo},
  journal={Eurographics 2010, Short Papers},
  year={2010}
}

@article{Bouchaud:1994,
  title={A model for the dynamics of sandpile surfaces},
  author={Bouchaud, Jean-Philippe and Cates, Michael E. and Prakash, Jagadeeshan Ravi and Edwards, Sam F.},
  journal={Journal de Physique I},
  volume={4},
  number={10},
  pages={1383--1410},
  year={1994},
  publisher={EDP Sciences}
}

@inproceedings{Holladay:2012,
  booktitle = {Eurographics 2012 - Short Papers},
  editor = {Carlos Andujar and Enrico Puppo},
  title = {Solid-state Culled Discrete Element Granular Systems},
  author = {Holladay, Seth R. and Egbert, Parris},
  year = {2012},
  publisher = {The Eurographics Association},
  ISSN = {1017-4656},
  DOI = {10.2312/conf/EG2012/short/065-068}
}

@PhdThesis{Holladay:2013,
  title = {Optimized Simulation of Granular Materials},
  author = {Holladay, Seth R.},
  school = {Brigham Young University},
  year={2013}
}

@mastersthesis{Munns:2015,
  title={Gaseous Particulate Interaction in a 3-Phase Granular Simulation},
  author={Munns, Kevin W.},
  year={2015},
  school={Brigham Young University}
}

@book{Lanczos:2012,
  title={The variational principles of mechanics},
  author={Lanczos, Cornelius},
  year={2012}
}

@article{Bergou:2007:TTDTS,
  Author = {Bergou, Mikl{\'{o}}s and Mathur, Saurabh and Wardetzky, Max and Grinspun, Eitan},
  Journal = {SIGGRAPH (ACM Transactions on Graphics)},
  Month = {Jul},
  Number = {3},
  Pages = {50},
  Title = {{T}{R}{A}{C}{K}{S}: {T}oward directable thin shells},
  Volume = {26},
  Year = {2007}
}

@article{Goldenberg:2002:ForceChains,
  title = {Force Chains, Microelasticity, and Macroelasticity},
  author = {Goldenberg, C. and Goldhirsch, I.},
  journal = {Phys. Rev. Lett.},
  volume = {89},
  issue = {8},
  numpages = {4},
  year = {2002},
  month = {Aug}
}

@article{Dijksman:2010:Granular,
  title={Granular flows in split-bottom geometries},
  author={Dijksman, Joshua A and van Hecke, Martin},
  journal={Soft Matter},
  volume={6},
  number={13},
  pages={2901--2907},
  year={2010},
  publisher={Royal Society of Chemistry}
}

@article{Koval:2009:Annular,
  title={Annular shear of cohesionless granular materials: From the inertial to quasistatic regime},
  author={Koval, Georg and Roux, Jean-No{\"e}l and Corfdir, Alain and Chevoir, Fran{\c{c}}ois},
  journal={Physical Review E},
  volume={79},
  number={2},
  pages={021306},
  year={2009},
  publisher={APS}
}

@article{Beverloo:1961:Flow,
  title={The flow of granular solids through orifices},
  author={Beverloo, Wim A. and Leniger, H. A. and Van de Velde, J.},
  journal={Chemical Engineering Science},
  volume={15},
  number={3},
  pages={260--269},
  year={1961},
  publisher={Elsevier}
}

@article{Midi:2004:Dense,
  title={On dense granular flows},
  author="{Groupement de Recherche Milieux Divis{\'e}s (GDR MiDi)}",
  journal={The European Physical Journal E},
  volume={14},
  number={4},
  pages={341--365},
  year={2004},
  publisher={Springer}
}

@article{Pouliquen:1999:Scaling,
  title={Scaling laws in granular flows down rough inclined planes},
  author={Pouliquen, Olivier},
  journal={Physics of Fluids (1994-present)},
  volume={11},
  number={3},
  pages={542--548},
  year={1999},
  publisher={AIP Publishing}
}

@article{Sheldon:2010:Granular,
  title={Granular discharge and clogging for tilted hoppers},
  author={Sheldon, Hannah G. and Durian, Douglas J.},
  journal={Granular Matter},
  volume={12},
  number={6},
  pages={579--585},
  year={2010},
  publisher={Springer}
}

@article{Yue:2015:Continuum,
  author = {Yue, Yonghao and Smith, Breannan and Batty, Christopher and Zheng, Changxi and Grinspun, Eitan},
  title = {Continuum Foam: A Material Point Method for Shear-Dependent Flows},
  journal = {ACM Trans. Graph.},
  volume = {34},
  number = {5},
  month = nov,
  year = {2015},
  pages = {160:1--160:20},
  articleno = {160},
  numpages = {20}
}

@article{Lube:2004,
  title={Axisymmetric collapses of granular columns},
  author={Lube, Gert and Huppert, Herbert E. and Sparks, R. Stephen J. and Hallworth, Mark A.},
  journal={Journal of Fluid Mechanics},
  volume={508},
  year={2004},
  pages={175\UTF{2013}199}
}

@article{Lube:2005,
  title = {Collapses of two-dimensional granular columns},
  author = {Lube, Gert and Huppert, Herbert E. and Sparks, R. Stephen J. and Freundt, Armin},
  journal = {Phys. Rev. E},
  volume = {72},
  issue = {4},
  numpages = {10},
  year = {2005},
  month = {Oct}
}

@article{Balmforth:2005,
  title = {Granular collapse in two dimensions},
  author = {Balmforth, Neil J. and Kerswell, Richard R.},
  journal = {Journal of Fluid Mechanics},
  volume = {538},
  pages = {399 -- 428},
  year = {2005},
  month = {Sep}
}

@article{Staron:2005,
  title={Study of the collapse of granular columns using two-dimensional discrete-grain simulation},
  author={Staron, Lydie and Hinch, John E.},
  journal={Journal of Fluid Mechanics},
  volume={545},
  pages={1--27},
  year={2005}
}

@Article{Mast:2015,
  author="Mast, Carter M. and Arduino, Pedro and Mackenzie-Helnwein, Peter and Miller, Gregory R.",
  title="Simulating granular column collapse using the Material Point Method",
  journal="Acta Geotechnica",
  year="2015",
  volume="10",
  number="1",
  pages="101--116"
}

@inproceedings{Onoue:2003,
  author={Koichi Onoue and Tomoyuki Nishita},
  booktitle={11th Pacific Conference onComputer Graphics and Applications, 2003. Proceedings.},
  title={Virtual sandbox},
  year={2003},
  pages={252-259},
  month={Oct}
}

@article{Sumner:1999:ASM,
  author = {Robert W. Sumner and James F. O'Brien and Jessica K. Hodgins},
  title = {Animating Sand, Mud, and Snow},
  journal = {Computer Graphics Forum},
  number = 1,
  volume = 18,
  year = 1999,
  pages = {17--26}
}

@article{Tampubolon:2017:MSP,
 author = {Tampubolon, Andre Pradhana and Gast, Theodore and Kl\'{a}r, Gergely and Fu, Chuyuan and Teran, Joseph and Jiang, Chenfanfu and Museth, Ken},
 title = {Multi-species Simulation of Porous Sand and Water Mixtures},
 journal = {ACM Trans. Graph.},
 volume = {36},
 number = {4},
 month = jul,
 year = {2017},
 pages = {105:1--105:11},
 articleno = {105},
 numpages = {11}
}

@inproceedings{Li:1993:MSR,
  author = {Li, Xin and Moshell, J. Michael},
  title = {Modeling Soil: Realtime Dynamic Models for Soil Slippage and Manipulation},
  booktitle = {Proceedings of the 20th Annual Conference on Computer Graphics and Interactive Techniques},
  series = {SIGGRAPH '93},
  year = {1993},
  pages = {361--368},
  numpages = {8}
}

@inproceedings{Chanclou:1996:PML,
  author={Chanclou, Benoit and Luciani, Annie and Habibi, Arash},
  title={Physical models of loose soils dynamically marked by a moving object},
  booktitle={Computer Animation'96. Proceedings},
  pages={27--35},
  year={1996}
}

@inproceedings{Rungjiratananon:2008:Real,
  title={Real-time Animation of Sand-Water Interaction},
  author={Rungjiratananon, Witawat and Szego, Zoltan and Kanamori, Yoshihiro and Nishita, Tomoyuki},
  booktitle={Computer Graphics Forum},
  volume={27},
  number={7},
  pages={1887--1893},
  year={2008}
}

@inproceedings{PlaCastells:2008:Physically,
  booktitle = {Eurographics 2008 - Short Papers},
  title = {{Physically-Based Interactive Sand Simulation}},
  author = {Pla-Castells, Marta and Garc\'ia-Fernandez, Ignacio and Martinez-Dura, Rafael J.},
  year = {2008}
}

@article{Wellman:2012:ATSMGM,
  title = "A two-scale model of granular materials",
  journal = "Computer Methods in Applied Mechanics and Engineering",
  volume = "205-208",
  number = "Supplement C",
  pages = "46 - 58",
  year = "2012"
}

@article{Christoffersen:1981:Micromechanical,
  title={A micromechanical description of granular material behavior},
  author={Christoffersen, Jes and Mehrabadi, Morteza Monte and Nemat-Nasser, Sia},
  journal={Journal of applied mechanics},
  volume={48},
  number={2},
  pages={339--344},
  year={1981},
  publisher={American Society of Mechanical Engineers}
}

@article{Wellmann:2012,
  title = "A two-scale model of granular materials",
  author = "Wellmann, Christian and Wriggers, Peter",
  journal = "Computer Methods in Applied Mechanics and Engineering",
  volume = "205-208",
  number = "Supplement C",
  pages = "46 - 58",
  year = "2012"
}

@book{Shabana:Dynamics,
  title={Dynamics of multibody systems},
  author={Shabana, Ahmed A.},
  year={2013},
  publisher={Cambridge university press}
}

@book{Simo:1998,
  author = {Simo, Juan C. and Hughes, Thomas J. R.},
  publisher = {Springer},
  title = {Computational Inelasticity},
  year = {1998}
}

@article{Stomakhin:2013:MPM,
  author = {Stomakhin, Alexey and Schroeder, Craig and Chai, Lawrence and Teran, Joseph and Selle, Andrew},
  title = {A Material Point Method for Snow Simulation},
  journal = {ACM Trans. Graph.},
  issue_date = {July 2013},
  volume = {32},
  number = {4},
  month = jul,
  year = {2013},
  issn = {0730-0301},
  pages = {102:1--102:10},
  articleno = {102},
  numpages = {10},
  url = {http://doi.acm.org/10.1145/2461912.2461948},
  doi = {10.1145/2461912.2461948},
  acmid = {2461948},
  publisher = {ACM},
  address = {New York, NY, USA},
  keywords = {material point, physically-based modeling, snow simulation},
}

@article {Steffen:2008:ARQEMPM,
  author = {Steffen, Michael and Kirby, Robert M. and Berzins, Martin},
  title = {Analysis and reduction of quadrature errors in the material point method (MPM)},
  journal = {International Journal for Numerical Methods in Engineering},
  volume = {76},
  number = {6},
  publisher = {John Wiley & Sons, Ltd.},
  issn = {1097-0207},
  url = {http://dx.doi.org/10.1002/nme.2360},
  doi = {10.1002/nme.2360},
  pages = {922--948},
  keywords = {material point method, mesh-free methods, meshless methods, particle methods, smoothed particle hydrodynamics, quadrature},
  year = {2008},
}

@inproceedings{Jiang:2016:MPM,
 author = {Jiang, Chenfanfu and Schroeder, Craig and Teran, Joseph and Stomakhin, Alexey and Selle, Andrew},
 title = {The Material Point Method for Simulating Continuum Materials},
 booktitle = {ACM SIGGRAPH 2016 Courses},
 series = {SIGGRAPH '16},
 year = {2016},
 isbn = {978-1-4503-4289-6},
 location = {Anaheim, California},
 pages = {24:1--24:52},
 articleno = {24},
 numpages = {52},
 url = {http://doi.acm.org/10.1145/2897826.2927348},
 doi = {10.1145/2897826.2927348},
 acmid = {2927348},
 publisher = {ACM},
 address = {New York, NY, USA},
}

@article{Bardenhagen:2004,
  title={The generalized interpolation material point method},
  author={Bardenhagen, Scott G. and Kober, Edward M.},
  journal={Computer Modeling in Engineering and Sciences},
  volume={5},
  number={6},
  pages={477--496},
  year={2004},
  publisher={Tech Science Press}
}


@article{Gao:2017:Adaptive,
  title={An adaptive generalized interpolation material point method for simulating elastoplastic materials},
  author={Gao, Ming and Tampubolon, Andre Pradhana and Jiang, Chenfanfu and Sifakis, Eftychios},
  journal={ACM Transactions on Graphics (TOG)},
  volume={36},
  number={6},
  pages={223},
  year={2017},
  publisher={ACM}
}

@article{Jiang:2015:affine,
  title={The affine particle-in-cell method},
  author={Jiang, Chenfanfu and Schroeder, Craig and Selle, Andrew and Teran, Joseph and Stomakhin, Alexey},
  journal={ACM Transactions on Graphics (TOG)},
  volume={34},
  number={4},
  pages={51},
  year={2015},
  publisher={ACM}
}

@article{Gao:2018:Animating,
  title={Animating Fluid Sediment Mixture in Particle-Laden Flows},
  author={Gao, Ming and Pradhana, Andre and Han, Xuchen and Guo, Qi and Kot, Grant and Sifakis, Eftychios and Jiang, Chenfanfu},
  journal={ACM Transactions on Graphics (TOG)},
  volume={37},
  number={4},
  year={2018},
  publisher={ACM}
}

@article{Hu:2018:AMLSM,
  title={A Moving Least Squares Material Point Method with Displacement Discontinuity and Two-Way Rigid Body Coupling},
  author={Hu, Yuanming and Fang, Yu and Ge, Ziheng and Qu, Ziyin and Zhu, Yixin and Pradhana, Andre and Jiang, Chenfanfu},
  journal={ACM Transactions on Graphics (TOG)},
  volume={37},
  number={4},
  year={2018},
  publisher={ACM}
}

@article{W:2004:MPM,
  title={The material point method in large strain engineering problems},
  author={Wi{\k{e}}ckowski, Zdzis{\l}aw},
  journal={Computer methods in applied mechanics and engineering},
  volume={193},
  number={39-41},
  pages={4417--4438},
  year={2004},
  publisher={Elsevier}
}

@book{Toselli:2006:Domain,
  title={Domain decomposition methods--algorithms and theory},
  author={Toselli, Andrea and Widlund, Olof},
  volume={34},
  year={2006},
  publisher={Springer Science \& Business Media}
}

@article{Golas:2012:LFS,
  author = {Golas, Abhinav and Narain, Rahul and Sewall, Jason and Krajcevski, Pavel and Dubey, Pradeep and Lin, Ming C.},
  title = {Large-scale Fluid Simulation Using Velocity-vorticity Domain Decomposition},
  journal = {ACM Trans. Graph.},
  volume = {31},
  number = {6},
  month = nov,
  year = {2012},
  pages = {148:1--148:9},
  articleno = {148},
  numpages = {9}
} 

@article{Ferstl:2016:NBF,
  author = {Ferstl, Florian and Ando, Ryoichi and Wojtan, Chris and Westermann, R{\"u}diger and Thuerey, Nils},
  title = {Narrow Band FLIP for Liquid Simulations},
  journal = {Computer Graphics Forum},
  volume = {35},
  number = {2},
  pages = {225-232},
  year = {2016}
}

@article{Chentanez:2015:C3DE,
  author={Nuttapong Chentanez and Matthias M{\"u}ller and Tae-Yong Kim},
  journal={IEEE Transactions on Visualization and Computer Graphics},
  title={Coupling 3D Eulerian, Heightfield and Particle Methods for Interactive Simulation of Large Scale Liquid Phenomena},
  year={2015},
  volume={21},
  number={10},
  pages={1116-1128},
  month={Oct}
}

@article{Wang:2013:Hybrid,
  author="Wang, Chang-bo and Zhang, Qiang and Kong, Fan-long and Qin, Hong",
  title="Hybrid particle--grid fluid animation with enhanced details",
  journal="The Visual Computer",
  year="2013",
  month="Sep",
  day="01",
  volume="29",
  number="9",
  pages="937--947"
}

@phdthesis{Kamrin08,
  author       = {Kamrin, Ken}, 
  title        = {Stochastic and Deterministic Models for Dense Granular Flow},
  school       = {Massachusetts Institute of Technology},
  year         = 2008,
  month        = 6,
}

@BOOK{Gurtin10,
   author = "Mortin Gurtin, Eliot Fried, Lalit Anand",
   title = "The Mechanics and Thermodynamics of Continua",
   address = "Reading, Massachusetts",
   month = 12,
   year = "2013",
}

@MISC{Laconchita,
   author = "USGS",
   title = "1995 La Conchita Landslide",
   year = 1995,
}

@INPROCEEDINGS{Wang:2010,
   author = "Fang Wang and Boshen Fu and Reza A. Mirshams and William Cooper and Ranga Komanduri and Hongbing Lu",
   title = "Mechanical Properties Measurement of Sand Grains by Nanonindention",
   booktitle = "Proc. of the SEM Annual Conference",
   year = 2010,
}

@ARTICLE{Daniels:2017,
   author = {Karen E. Daniels and Jonathan E. Kollmer and James G. Puckett},
   title = {Photoelastic Force Measurements in Granular Materials},
   journal = {Review of Scientific Instruments},
   year = 2017,
   volume = 88,
   number = 5,
   pages = "051808",
}

@ARTICLE{Howell:1999,
   author = {Daniel Howell and R.P. Behringer and Christian Veje},
   title = {Stress Fluctations in a 2D Granular Couette Experiment: A Continuous Transition},
   journal = {Phys. Rev. Lett.},
   year = 1999,
   number = 5,
   pages = "5241",
}

@ARTICLE{Kim:2013,
   author = {Felix H. Kim and Dayakar Penumadu and Jens Gregor and Nikolay Kardjilov and Ingo Manke},
   title = {High-Resolution Neutron and X-Ray Imaging of Granular Materials},
   journal = {J. Geotech. Geoenvinron. Eng.},
   year = 2013,
   volume = 139,
   number = 5,
   pages = "715-723",
}

@BOOK{Coulomb,
   author = "Charles-Augustin de Coulomb",
   title = "Essai sur une application des règles des maximis et minimis à quelques problèmes de statique relatifs à l'architecture",
   year = "{1773}",
}

@ARTICLE{Roscoe:1958,
   author = {K.H. Roscoe and A.N. Schofield and C.P. Wroth},
   title = {On the Yielding of Soils},
   journal = {Geotechnique},
   year = 1958,
   volume = 8,
   number = 1,
   pages = "22-53",
}


@ARTICLE{Cruz:2008,
   author = {Frederiic da Cruz and Sacha Emam and Michael Prochnow and Jean-Noel Roux and Francois Chevoir},
   title = {Rheophysics of Dense Granular Materials: Discrete Simulation of Plane Shear Flows},
   journal = {Physical Review E - Statistical, Nonlinear, and Soft Matter Physics},
   year = 2005,
   volume = 77,
   number = 2,
}

@ARTICLE{Hertz:1881,
   author = {Heinrich Hertz},
   title = {Ueber die Beruhrung Fester Elastischer Korper},
   journal = {Journal Fur Die Reine Und Angewandte Mathematik},
   year = 1881,
   volume = 92,
   pages = "156-171"
}

@ARTICLE{Renzo:2004,
   author = {Alberto Di Renzo and Francesco Paolo di Maio},
   title = {Comparison of Contact-Force Models for the Simulation of Collisions in DEM-Based Granular Flow Codes},
   journal = {Chemical Engineering Science},
   year = {2004},
   volume = 59,
   number = 3,
   pages = "525-541"
}

@ARTICLE{Gingold:1977,
   author = {R.A. Gingold and J.J. Monaghan},
   title = {Smoothed Particle Hydrodynamics: Theory and Application to Non-Spherical Stars},
   journal = {Mon. Not. R. Astr. Soc.},
   year = {1977},
   volume = 181,
   pages = "375-389"
}

@ARTICLE{Liu:1995,
   author = {Wing Kam Liu and Sukky Jun and Yi Fei Zhang},
   title = {Reproducing Kernel Particle Methods},
   journal = {International Journal for Numerical Methods in Fluids},
   year = 1995,
   volume = 20,
   pages = "1081-1106"
}

@ARTICLE{Sadeghirad:2011,
   author = {A. Sadeghirad and R.M. Brannon and J. Burghardt},
   title = {A Convected Particle Domain Interpolation Technique to Extend Applicability of the Material Point Method for Problems Involving Massive Deformations},
   journal = {International Journal for Numerical Methods in Engineering},
   year = 2011,
   volume = 86,
   pages = "1435-1456"
}